@inproceedings{krizhevsky12nips,
  title={{ImageNet} classification with deep convolutional neural networks},
  author={A. Krizhevsky and I. Sutskever and G. E. Hinton},
  booktitle={Advances in Neural Information Processing Systems 25},
  pages={1097-1105},
  year={2012},
}

@article{Kunihiko80BC,
  title={Neocognitron: A self-organizing neural network model for a mechanism of pattern recognition unaffected by shift in position},
  author={Kunihiko Fukushima},
  journal={Biological Cybernetics},
  pages={193-202},
  year={1980},
  volume={36},
}

@article{Lecun98gradientbased,
  title={Gradient-based learning applied to document recognition},
  author={Y. LeCun and L. Bottou and Y. Bengio and P. Haffner},
  journal={Proceedings of the IEEE},
  pages={1-46},
  year={1998},
}

@inproceedings{Christian15cvprgooglenet,
  title={Going deeper with convolutions},
  author={C. Szegedy and W. Liu and Y. Jia and P. Sermanet and S. Reed},
  booktitle={Proceedings of IEEE Conference on Computer Vision and Pattern Recognition},
  pages={1-9},
  year={2015},
}

@inproceedings{kaiming15iccvdelving,
  title={{Delving deep into rectifiers: Surpassing human-level performance on ImageNet classification}},
  author={K. He and X. Zhang and S. Ren and J. Sun},
  booktitle={Proceedings of IEEE International Conference on Computer Vision},
  pages={1-9},
  year={2015},
}

@article{bp1986nature,
  title={Learning representations by back-propagating errors},
  author={David E. Rumelhart and Geoffrey E. Hinton and Ronald J. Williams},
  journal={Nature},
  pages={533-536},
  year={1986},
}

@article{Krystian04pamisurvey,
  title={A Performance Evaluation of Local Descriptors},
  author={K. Mikolajczyk and C. Schmid},
  journal={IEEE Transactions on Pattern Recognition and Machine Intelligence},
  pages={1615-1630},
  year={2004},
  volume={27},
  number={10},
}

@inproceedings{Herbert06eccvsurf,
  title={{SURF: Speeded up robust features}},
  author={H. Bay and T. Tuytelaars and L. Van Gool},
  booktitle={Proceedings of European Conference on Computer Vision},
  pages={404-417},
  year={2006},
}

@inproceedings{Navneet2005cvprhog,
  title={Histograms of Oriented Gradients for Human Detection},
  author={N. Dalal and B. Triggs},
  booktitle={Proceedings of IEEE Conference on Computer Vision and Pattern Recognition},
  pages={886-893},
  year={2005},
}

@article{Lowe2004ijcvsift,
  title={Distinctive Image Features from Scale-Invariant Keypoints},
  author={D. Lowe},
  journal={International Journal of Computer vision},
  pages={91-110},
  year={2004},
  volume={2},
  number={60},
}

@inproceedings{Ke2004cvprpcasift,
  title={{PCA-SIFT}: A More Distinctive Representation for Local Image Descriptors},
  author={Y. Ke and R. Sukthankar},
  booktitle={Proceedings of IEEE Conference on Computer Vision and Pattern Recognition},
  pages={511-517},
  year={2004},
}

@inproceedings{Matthew2013iclrstpool,
  title={Stochastic Pooling for Regularization of Deep Convolutional Neural Networks},
  author={M. D. Zeiler and R. Fergus},
  booktitle={Proceedings of International Conference on Learning Representations},
  pages={1-9},
  year={2013},
}

@inproceedings{Jost2015allconv,
  title={Striving for Simplicity: The All Convolutional Net},
  author={J. T. Springenberg and A. Dosovitskiy and T. Brox and M. Riedmiller},
  booktitle={Proceedings of International Conference on Learning Representations Workshops},
  pages={1-9},
  year={2015},
}

@article{Freeman1991steefilter,
  title={The Design and Use of Steerable Filters},
  author={W. Freeman and E. Adelson},
  journal={IEEE Transactions on Pattern Recognition and Machine Intelligence},
  pages={891-906},
  year={1991},
  volume={13},
  number={9},
}
